@article(r1,
author = "{Azizul Hasan}",
title="{Numerical Study of Some Iterative Methods for Solving Nonlinear Equations}",
journal="Journal of Engineering Science Invention",
volume="5, Issue 2",
month=Feb,
year="2016",
pages="1-3"
}
@book{r2,
author ="S.S.Sastry",
title ="Introductory Methods of Numerical Analysis",
edition ="Fourth",
publisher ="{Asoke K. Ghosh}",
address ="Prentice-Hall of India",
year ="2006"
}
@manual{r3,
title ="Root-Finding Methods",
author ="{Karen A. Kopecky}",
year="2007"
}
@article(r4,
author = "{Ehiwario J.C. and Aghamie S.O.}",
title="{Comparative Study of Bisection, Newton-Raphson and Secant Methods of Root- Finding Problems}",
journal="Journal of Engineering",
volume="4, Issue 4",
month=Feb,
year="2014",
pages="1-4"
}
@misc{r5,
author = "Wikipedia",
title = "The Free Encyclopedia"
}
@article(r6,
author = "{Saba Akram, Qurrat ul Ann}",
title="{Newton Raphson Method}",
journal="International Journal of Scientific and Engineering Research",
volume="6, Issue 7",
month=July,
year="2015",
pages="1"
}
