@misc{JM,
  title = {{Sorted array}},
  url = {https://en.wikipedia.org/wiki/Sorted_
array},
}

@misc{JM,
  title = {{Linked list}},
  url = {https://en.wikipedia.org/wiki/Linked_
list},
}
@misc{JM,
  title = {{Complexity Analysis}},
  url = {https://www.cs.utexas.edu/users/djimenez/utsa/cs1723/lecture2.html},
}
@book{Discrete Math for Computer Science Students,
 author = {Ken Bogart, Scot Drysdale, and Cliff Stein},
 title = {Discrete
Math for Computer Science Students},
 year = {2004},
 isbn = { 978-0132122719},
 edition = {1st},
 publisher = Key College Publishing},
}
